<?xml version="1.0" encoding="UTF-8"?><collection xmlns="http://www.loc.gov/MARC21/slim"><record><leader>00420nam--2200133-i-4500</leader><controlfield tag="001">000039655</controlfield><controlfield tag="002">20161230</controlfield><controlfield tag="005">20161230201042</controlfield><controlfield tag="008">060222s1000------------r-----000-0-eng-d</controlfield><datafield ind1=" " ind2=" " tag="100"><subfield code="a">Rossi, Pier Luigi</subfield></datafield><datafield ind1=" " ind2=" " tag="245"><subfield code="a">Misuratore a risalto idraulico a sezione parabolica. publ.della facolta d`ingegneria di pisa, serie xviii,</subfield></datafield><datafield ind1=" " ind2=" " tag="260"><subfield code="a">Pisa, 1958, 4p., 5 Fig</subfield></datafield><datafield ind1=" " ind2=" " tag="490"><subfield code="a">Extras Din Rev.L`Energia Elettrica`,</subfield></datafield><datafield ind1=" " ind2=" " tag="852"><subfield code="a">13889</subfield></datafield></record></collection>